% biblatex

@techreport { bodlaender-2005-discovering-treewidth,
   author = {Hans L. Bodlaender},
   title = {Discovering Treewidth},
   institution = {Institute of Information and Computing Sciences, Utrecht University},
   year = {2005}
}

@article { koster-bodlaender-hoesel-2001-treewidth ,
   title = {Treewidth: Computational Experiments},
   author = {Koster, Arie M. C. A. and Bodlaender, Hans L. and Van Hoesel, Stan P. M.},
   journal = {Electronic Notes in Discrete Mathematics},
   pages = {54-57},
   year = {2001},
   publisher = {Elsevier Science Publishers}
}

@incollection { musliu-2008-ILS ,
   title = {An Iterative Heuristic Algorithm for Tree Decomposition},
   author = {Musliu, Nysret},
   %booktitle = {Recent Advances in Evolutionary Computation for Combinatorial Optimization},
   booktitle = {Studies in Computational Intelligence},
   volume = {153},
   pages = {133-150},
   year = {2008},
   publisher = {Springer},
   editor = {Cotta, Carlos and van Hemert, Jano}
}

@article { schafhauser-paper,
   title = {Genetic Algorithms for Generalised Hypertree Decompositions},
   author = {Musliu, Nysret and Schafhauser, Werner},
   journal = {European Journal of Industrial Engineering},
   volume = {1},
   number = {3},
   pages = {317-340},
   year = {2007},
   publisher = {Inderscience}
}

@mastersthesis { schafhauser-thesis,
   title = {New Heuristic Methods for Tree Decomposition and Generalized Hypertree Decompositions},
   author = {Werner Schafhauser},
   institution = {Vienna University of Technology},
   year = {2006}
}

% widl-2010-breakscheduling
@mastersthesis { widl-thesis,
   title = {Memetic algorithms for break scheduling},
   author = {Widl, Magdalena},
   institution = {Vienna University of Technology},
   year = {2010}
}

% DBLP:journals/memetic/WidlM14
@article{ widl-paper,
  author    = {Widl, Magdalena and Musliu, Nysret},
  title     = {The Break Scheduling Problem: Complexity Results and Practical Algorithms},
  journal   = {Memetic Computing},
  year      = {2014},
  volume    = {6},
  number    = {2},
  pages     = {97--112},
  doi       = {10.1007/s12293-014-0131-0},
}

@inbook { hammerl-musliu-schafhauser-metaheuristicAlgorithms,
   author = {Hammerl, Thomas and Musliu, Nysret and Schafhauser, Werner},
   title = {Metaheuristic Algorithms and Tree Decomposition},
   booktitle = {Handbook of Computational Intelligence},
   year = {to appear}
}

@mastersthesis { hammerl-thesis,
   title = {Ant Colony Optimization for Tree and Hypertree Decompositions},
   author = {Hammerl, Thomas},
   institution = {Vienna University of Technology},
   year = {2009}
}

@inproceedings{ hammerl-paper,
  author    = {Hammerl, Thomas and Musliu, Nysret},
  editor    = {Cowling, Peter I. and Merz, Peter},
  title     = {Ant Colony Optimization for Tree Decompositions},
  booktitle = {Evolutionary Computation in Combinatorial Optimization, 10th European Conference, EvoCOP 2010, Istanbul, Turkey},
  year      = {2010},
  pages     = {95--106},
  publisher = {Springer},
  doi       = {10.1007/978-3-642-12139-5_9},
}

% ref 37 in hammerl_2009_ACO
%@article { land-doig_1960,
   %title = {An Automatic Method of Solving Discrete Programming Problems},
   %author = {Land, Ailsa H. and Doig Alison G.},
   %journal = {Econometrica: Journal of the Econometric Society},
   %volume = {28},
   %number = {3},
   %pages = {497-520},
   %year = {1960},
   %publisher = {JSTOR}
%}

@article { moscato-1989 ,
   title = {On Evolution, Search, Optimization, Genetic Algorithms and Martial Arts: Towards Memetic Algorithms},
   author = {Moscato, Pablo},
   journal = {Caltech concurrent computation program, C3P Report},
   volume = {158-79},
   year = {1989},
}

@book{ dawkins-1976-theSelfishGene,
   author = {Dawkins, Richard},
   title = {The Selfish Gene},
   publisher = {Oxford University Press},
   location = {Oxford, UK},
   year = {1976},
}

@online { graph-coloring-instances,
   author = {{Center for Discrete Mathematics and Theoretical Computer Science}},
   title = {Graph-Coloring Instances},
   url = {http://mat.gsia.cmu.edu/COLOR/instances.html},
   date = {2014-12-01},
}

@online { dimacs-challenges,
   author = {{Center for Discrete Mathematics and Theoretical Computer Science}},
   title = {{DIMACS} Implementation Challenges},
   url = {http://dimacs.rutgers.edu/Challenges},
   date = {2014-12-01},
}

@online { dimacs-wikipedia,
   author = {Wikipedia},
   organization = {Wikimedia Foundation, Inc.},
   title = {{DIMACS}},
   url = {http://en.wikipedia.org/wiki/DIMACS},
   date = {2014-01-27},
}

@online { treewidthlib,
   title = {TreewidthLIB},
   author = {van den Broek, Jan-Willem and Bodlaender, Hans},
   url = {http://www.cs.uu.nl/research/projects/treewidthlib},
   date = {2014-12-01},
}

@techreport { irace-paper,
   author = { Manuel L{\'o}pez-Ib{\'a}{\~n}ez  and  J{\'e}r{\'e}mie Dubois-Lacoste  and  Thomas St{\"u}tzle  and  Mauro Birattari },
   title = {The {irace} Package, Iterated Race for Automatic Algorithm Configuration},
   institution = {IRIDIA, Universit{\'e} Libre de Bruxelles, Belgium},
   year = {2011},
   number = {TR/IRIDIA/2011-004},
   url = {http://iridia.ulb.ac.be/IridiaTrSeries/IridiaTr2011-004.pdf},
}

@online { irace-url,
   author = {López-Ibáñez, Manuel and Dubois-Lacoste, Jérémie},
   title = {The irace Package: Iterated Race for Automatic Algorithm Configuration},
   url = {http://iridia.ulb.ac.be/irace/},
   date = {2014-12-01},
}

@inproceedings { paramils-paper,
    author = {Hutter, Frank and Hoos, Holger and St\"{u}tzle, Thomas},
    title = {Automatic Algorithm Configuration based on Local Search},
    booktitle = {Proceedings of the Twenty-Second Conference\linebreak[1] on Artifical Intelligence~(AAAI '07)},
    year = {2007},
    pages = {1152-1157}
}

% DBLP:conf/lion/HutterHL11
@inproceedings{ smac ,
  author    = {Hutter, Frank and Hoos, Holger H. and Leyton{-}Brown, Kevin},
  editor    = {Carlos A. Coello Coello},
  title     = {Sequential Model-Based Optimization for General Algorithm Configuration},
  booktitle = {Learning and Intelligent Optimization -- 5th International Conference,
               {LION} 5, Rome, Italy, January 17-21, 2011. Selected Papers},
  series    = {Lecture Notes in Computer Science},
  volume    = {6683},
  pages     = {507--523},
  publisher = {Springer},
  year      = {2011},
  doi       = {10.1007/978-3-642-25566-3_40},
}

@inproceedings { gogate-2004-quickbb ,
   title = {A Complete Anytime Algorithm for Treewidth},
   author = {Gogate, Vibhav and Dechter, Rina},
   booktitle = {Proceedings of the 20th Conference on Uncertainty in\linebreak[1] Artificial Intelligence},
   pages = {201-208},
   year = {2004},
   organization = {AUAI Press}
}

@incollection { bachoore-bodlaender-2006-branchAndBound ,
   title = {A Branch and Bound Algorithm for Exact, Upper, and Lower Bounds on Treewidth},
   author = {Bachoore, Emgad H. and Bodlaender, Hans L.},
   editor = {Cheng, Siu-Wing and Poon, ChungKeung},
   booktitle = {Algorithmic Aspects in Information and Management},
   series = {Lecture Notes in Computer Science},
   volume = {4041},
   pages = {255-266},
   year = {2006},
   isbn = {978-3-540-35157-3},
   doi = {10.1007/11775096_24},
   publisher = {Springer Berlin Heidelberg},
}

@book { kleinberg-tardos-2005-algorithmDesign,
  title = {Algorithm Design},
  author = {Kleinberg, Jon and Tardos, Eva},
  year = {2005},
  month = {3},
  day = {18},
  publisher = {Addison-Wesley Educational Publishers Inc},
  isbn = {978-0321295354}
}

@article { arnborg-1987-complexity,
  title = {Complexity of Finding Embeddings in a k-Tree},
  author = {Arnborg, Stefan and Corneil, Derek G. and Proskurowski, Andrzej},
  journal = {SIAM Journal on Algebraic Discrete Methods},
  volume = {8},
  number = {2},
  pages = {277-284},
  year = {1987},
  publisher = {SIAM}
}

@article { bodlaender-1998-perfectEliminationOrdering,
  title = {A Partial k-Arboretum of Graphs with Bounded Treewidth},
  author = {Hans L. Bodlaender},
  journal = {Theoretical Computer Science},
  volume = {209},
  number = {1–2},
  pages = {1-45},
  year = {1998},
  url = {http://www.sciencedirect.com/science/article/pii/S0304397597002284},
  issn = {0304-3975},
  doi = {10.1016/S0304-3975(97)00228-4},
}

@article { shaw-2000-solvingVrpUsingCspAndMetaheuristics,
  title = {Solving Vehicle Routing Problems using Constraint Programming and Metaheuristics},
  author = {De Backer, Bruno and Furnon, Vincent and Shaw, Paul and Kilby, Philip and Prosser, Patrick},
  journal = {Journal of Heuristics},
  volume = {6},
  number = {4},
  pages = {501-523},
  year = {2000},
  publisher = {Springer}
}

@incollection { shaw-1998-lns,
  title = {Using Constraint Programming and Local Search Methods to Solve Vehicle Routing Problems},
  author = {Shaw, Paul},
  booktitle = {Principles and Practice of Constraint Programming},
  pages = {417-431},
  year = {1998},
  publisher = {Springer}
}

@incollection { moscato-2010-modernMAs,
  title = {A Modern Introduction to Memetic Algorithms},
  author = {Moscato, Pablo and Cotta, Carlos},
  booktitle = {Handbook of Metaheuristics},
  pages = {141-183},
  year = {2010},
  publisher = {Springer}
}

@article { jourdan-2009-hybridTaxonomy,
  title = {Hybridizing exact methods and metaheuristics: A taxonomy},
  author = {Jourdan, L. and Basseur, M. and Talbi, E.-G.},
  journal = {European Journal of Operational Research},
  volume = {199},
  number = {3},
  pages = {620-629},
  year = {2009},
  issn = {0377-2217},
  doi = {10.1016/j.ejor.2007.07.035},
  url = {http://www.sciencedirect.com/science/article/pii/S0377221708003597},
}

@collection { 2008-hybridOverview,
  title = {Hybrid Metaheuristics},
  subtitle = {An Emerging Approach to Optimization},
  editor = {Blum, Christian and Aguilera, Maria José Blesa and Roli, Andrea and Sampels, Michael},
  year = {2008},
  series = {Studies in Computational Intelligence},
  volume = {114},
  publisher = {Springer}
}

@inproceedings { shoikhet-1997-treewidthDP,
  title = {A Practical Algorithm for Finding Optimal Triangulations},
  author = {Shoikhet, Kirill and Geiger, Dan},
  booktitle = {AAAI/IAAI},
  pages = {185-190},
  year = {1997}
}

@article { tarjan-1984-MCS,
  title = {Simple Linear-Time Algorithms to Test Chordality of Graphs, Test Acyclicity of Hypergraphs, and Selectively Reduce Acyclic Hypergraphs},
  author = {Tarjan, Robert E. and Yannakakis, Mihalis},
  journal = {SIAM Journal on computing},
  volume = {13},
  number = {3},
  pages = {566-579},
  year = {1984},
  publisher = {SIAM}
}

@article { larranaga-1997-GA,
  title = {Decomposing Bayesian Networks: Triangulation of the Moral Graph with Genetic Algorithms},
  author = {Larrañaga, Pedro and Kuijpers, Cindy M. H. and Poza, Mikel and Murga, Roberto H.},
  journal = {Statistics and Computing},
  year = {1997},
  volume = {7},
  number = {1},
  pages = {19-34},
  publisher = {Kluwer Academic Publishers},
  issn = {0960-3174},
  doi = {10.1023/A:1018553211613},
}

@article{ Syswerda:91a ,
    author = {Syswerda, Gilbert},
    citeulike-article-id_ = {1505187},
    journal = {Foundation of {G}enetic {A}lgorithms},
    pages = {94--101},
    title = {{A study of reproduction in generational and steady-state genetic algorithms}},
    year = {1991},
}

@article { kjarulff-1992-SA,
  title = {Optimal Decomposition of Probabilistic Networks by Simulated Annealing},
  author = {Kjærulff, Uffe},
  journal = {Statistics and Computing},
  year = {1992},
  volume = {2},
  number = {1},
  pages = {7-17},
  publisher = {Kluwer Academic Publishers},
  doi = {10.1007/BF01890544},
  issn = {0960-3174}
}

@article { clautiaux-2004-tabu ,
  author = {Clautiaux, François and Moukrim, Aziz and Nègre, Stéphane and Carlier, Jacques},
  title = {Heuristic and Metaheuristic Methods for Computing Graph Treewidth},
  journal = {RAIRO - Operations Research},
  volume = {38},
  issue = {01},
  month = {1},
  year = {2004},
  pages = {13-26},
  numpages = {14},
  issn = {1290-3868},
  doi = {10.1051/ro:2004011},
  url = {http://www.rairo-ro.org/action/article_S0399055904000113},
}

@article{ galinier98hybrid,
  author = {Galinier, Philippe and Hao, Jin-Kao},
  title = {Hybrid Evolutionary Algorithms for Graph Coloring},
  year = {1999},
  journal = {Journal of Combinatorial Optimization},
  volume = {3},
  number = {4},
  pages = {379-397},
  doi = {10.1023/A:1009823419804},
  publisher = {Kluwer Academic Publishers},
  issn = {1382-6905},
  keywords = {graph coloring; solution recombination; tabu search; combinatorial optimization},
  language_ = {English}
}

@book{ Michalewicz92,
  author = {Michalewicz, Zbigniew},
  title = {Genetic Algorithms + Data Structures = Evolution Programs},
  series = {Artificial Intelligence},
  year = {1992},
  publisher = {Springer},
  address = {Berlin},
  ISBN = {0-387-55387-8; 3-540-55387-8},
  keywords = {Genetischer Algorithmus; Evolutionärer Algorithmus; Optimierung},
}

@inproceedings{ theoreticians-guide-to-experimental-analysis,
  author = {Johnson, David S.},
  editor = {Goldwasser and Johnson and McGeoch},
  title = {A Theoretician's Guide to the Experimental Analysis of Algorithms},
  booktitle = {Proceedings of the 5\textsuperscript{th} and 6\textsuperscript{th} {DIMACS} Implementation Challenges},
  pages = {215-250},
  year = {2002},
  organization = {AT\&T Labs -- Research},
  publisher = {American Mathematical Society},
}

@article{ lowess,
  author = {Cleveland, William S.},
  title = {Robust Locally Weighted Regression and Smoothing Scatterplots},
  journal = {Journal of the American Statistical Association},
  volume = {74},
  number = {368},
  pages = {829-836},
  publisher = {{JSTOR}},
  year = {1979},
}

@InProceedings{ DiabetesInstances,
  author = {Steen Andreassen and Roman Hovorka and Jonathan Benn and Kristian G. Olesen and Ewart R. Carson},
  title = {A Model-based Approach to Insulin Adjustment},
  booktitle = {Proceedings of the\linebreak[1] Third Conference on Artificial Intelligence in Medicine},
  year = {1991},
  editor = {M. Stefanelli and A. Hasman and M. Fieschi and J. Talmon},
  pages = {239--248},
  publisher = {Springer-Verlag}
}

@article{ metaheuristics-metapher-exposed,
  author = {Sörensen, Kenneth},
  title = {Metaheuristics -- the Metaphor Exposed},
  journal = {International Transactions in Operational Research},
  issn = {1475-3995},
  doi = {10.1111/itor.12001},
  keywords = {optimization, combinatorial optimization, metaheuristics, heuristics},
  year = {2013},
}

@article{ experimental-tutorial,
  title = {Experimental Evaluation of Heuristic Optimization Algorithms: A Tutorial},
  author = {Ronald L. Rardin and Reha Uzsoy},
  journal = {Journal of Heuristics},
  number = {7},
  pages = {261-304},
  year = {2001},
  publisher = {Kluwer Academic Publishers},
}

@article{ bodlaender-preprocessing,
   title = {Preprocessing for Treewidth: A Combinatorial Analysis through Kernelization},
   author = {Bodlaender, Hans L. and Jansen, Bart M. P. and Kratsch, Stefan},
   journal = {\linebreak[1]{SIAM} Journal on Discrete Mathematics},
   volume = {27},
   number = {4},
   pages = {2108-2142},
   date = {2013-12-17},
   publisher = {Society for Industrial and Applied Mathematics},
}

@incollection{ sorensen2013metaheuristics,
  title = {Metaheuristics},
  author = {S{\"o}rensen, Kenneth and Glover, Fred W.},
  booktitle = {Encyclopedia of Operations Research and Management Science},
  pages = {960-970},
  year = {2013},
  publisher = {Springer},
}

@article{ Robertson1986,
  title = {Graph minors. {II}. Algorithmic Aspects of Tree-Width},
  author = {Robertson, Neil and Seymour, P. D.},
  journal = {Journal of Algorithms},
  volume = {7},
  number = {3},
  pages = {309-322},
  year = {1986},
  issn = {0196-6774},
  doi = {10.1016/0196-6774(86)90023-4},
  url = {http://www.sciencedirect.com/science/article/pii/0196677486900234},
}

@article{ EA-design-choices ,
  title = {Costs and Benefits of Tuning Parameters of Evolutionary Algorithms},
  author = {Nannen, Volker and Smit, S. K. and Eiben, A. E.},
  journal = {Parallel Problem Solving from Nature - PPSN X},
  pages = {528--538},
  year = {2008},
  isbn = {978-3-540-87699-1},
}

@inproceedings{ 785529 ,
  author = {Merz, P. and Freisleben, B.},
  booktitle = {\linebreak[1]On Evolutionary Computation, 1999. CEC 99. Proceedings of the 1999 Congress},
  title = {A comparison of memetic algorithms, tabu search, and ant colonies for the quadratic assignment problem},
  year = {1999},
  volume = {3},
  pages = {2063-2070},
  keywords_ = {evolutionary computation;heuristic programming;quadratic programming;search problems;MA;ant colonies;evolutionary algorithm;facilities/locations;fast ant colony system;high quality solutions;local search;memetic algorithms;problem instances;quadratic assignment problem;reactive tabu search;recombination operator;Ant colony optimization;Design optimization;Electronic mail;Evolutionary computation;Genetics;NP-hard problem;Neural networks;Robustness;Simulated annealing;Traveling salesman problems},
  doi = {10.1109/CEC.1999.785529},
}

@inproceedings{ krasnogor2000memetic ,
  title = {A Memetic Algorithm With Self-Adaptive Local Search: {TSP} as a case study},
  author = {Krasnogor, Natalio and Smith, Jim},
  booktitle = {GECCO},
  pages = {987--994},
  year = {2000},
}

@article{ Lü2010241 ,
  title = {A memetic algorithm for graph coloring},
  author = {Zhipeng Lü and Jin-Kao Hao},
  journal = {\linebreak[1]European Journal of Operational Research },
  volume = {203},
  number = {1},
  pages = {241-250},
  year = {2010},
  issn = {0377-2217},
  doi = {10.1016/j.ejor.2009.07.016},
  url = {http://www.sciencedirect.com/science/article/pii/S0377221709005177},
  keywords_ = "Graph coloring",
  keywords_ = "Memetic algorithm",
  keywords_ = "Crossover operator",
  keywords_ = "Pool updating "
}

@article{ Bontoux20101844 ,
  title = {A Memetic Algorithm with a large neighborhood crossover operator for the Generalized Traveling Salesman Problem},
  author = {Bontoux, Boris and Artigues, Christian and Feillet, Dominique},
  journal = {Computers \& Operations Research},
  publisher = {Elsevier},
  year = {2010},
  volume = {37},
  number = {11},
  pages = {1844-1852},
  note_ = {Metaheuristics for Logistics and Vehicle Routing},
  issn = {0305-0548},
  doi = {10.1016/j.cor.2009.05.004},
  url = {http://www.sciencedirect.com/science/article/pii/S0305054809001488},
  keywords_ = {Genetic Algorithm},
  keywords_ = {Traveling Salesman Problem},
  keywords_ = {Large neighborhood search}
}

@article{ Alber2005219 ,
  title = {Experimental evaluation of a tree decomposition-based algorithm for vertex cover on planar graphs},
  author = {Alber, Jochen and Dorn, Frederic and Niedermeier, Rolf},
  journal = {Discrete Applied Mathematics},
  volume = {145},
  number = {2},
  pages = {219-231},
  year = {2005},
  issn = {0166-218X},
  doi = {10.1016/j.dam.2004.01.013},
  url = {http://www.sciencedirect.com/science/article/pii/S0166218X04002471},
  note_ = {Structural Decompositions, Width Parameters, and Graph Labelings},
  keywords_ = {Algorithm engineering},
  keywords_ = {fixed-parameter tractability},
  keywords_ = {Vertex Cover},
  keywords_ = {tree decomposition of graphs},
  keywords_ = {planar graphs},
  keywords_ = {exact algorihms}
}

@article { NET:NET10046 ,
  author = {Koster, Arie M. C. A. and {van} Hoesel, Stan P. M. and Kolen, Antoon W. J.},
  title = {Solving partial constraint satisfaction problems with tree decomposition},
  journal = {Networks},
  year = {2002},
  volume = {40},
  number = {3},
  publisher = {Wiley Subscription Services, Inc., A Wiley Company},
  issn = {1097-0037},
  doi = {10.1002/net.10046},
  pages = {170--180},
  keywords_ = {tree decomposition, partial constraint satisfaction, frequency assignment, MAX-SAT, dynamic programming},
}

@incollection{ kolenkoster99 ,
  title = {Optimal Solutions for Frequency Assignment Problems via Tree Decomposition},
  author = {Koster, Arie M. C. A. and van Hoesel, Stan P. M. and Kolen, Antoon W. J.},
  editor = {Widmayer, Peter and Neyer, Gabriele and Eidenbenz, Stephan},
  booktitle = {\linebreak[1]Graph-Theoretic Concepts in Computer Science},
  series = {Lecture Notes in Computer Science},
  year = {1999},
  volume = {1665},
  pages = {338-350},
  publisher = {Springer Berlin Heidelberg},
  isbn = {978-3-540-66731-5},
  doi = {10.1007/3-540-46784-X_32},
  language_ = {English},
}

@article{ lauritzen1988local ,
  title = {Local computations with probabilities on graphical structures and their application to expert systems},
  author = {Lauritzen, Steffen L. and Spiegelhalter, David J.},
  journal = {Journal of the Royal Statistical Society. Series B (Methodological)},
  publisher = {Wiley},
  year = {1988},
  volume = {50},
  number = {2},
  pages = {157--224},
  url = {http://www.jstor.org/stable/2345762},
}

@article{ Gottlob2000243 ,
  title = {A comparison of structural {CSP} decomposition methods},
  author = {Gottlob, Georg and Leone, Nicola and Scarcello, Francesco},
  journal = {Artificial Intelligence},
  volume = {124},
  number = {2},
  pages = {243-282},
  year = {2000},
  issn = {0004-3702},
  doi = {10.1016/S0004-3702(00)00078-3},
  url = {http://www.sciencedirect.com/science/article/pii/S0004370200000783},
  keywords_ = {Constraint satisfaction},
  keywords_ = {Decomposition methods},
  keywords_ = {Hypergraphs},
  keywords_ = {Tractable cases},
  keywords_ = {Degree of cyclicity},
  keywords_ = {Treewidth},
  keywords_ = {Hypertree width},
  keywords_ = {Tree-clustering},
  keywords_ = {Cycle cutsets},
  keywords_ = {Biconnected components},
}

@techreport{ pearson1997survey ,
  title = {A survey of tractable constraint satisfaction problems},
  author = {Pearson, Justin and Jeavons, Peter G.},
  number = {CSD-TR-97-15},
  year = {1997},
  institution = {Royal Holloway, University of London},
}

% F. V. Fomin, D. Kratsch, and I. Todinca. Exact (exponential) algorithms for
% treewidth and minimum fill-in. In Proceedings of the 31st International Colloquium
% on Automata, Languages and Programming, pages 568–580, 2004.
@incollection{ exponential1 ,
  author = {Fomin, Fedor V. and Kratsch, Dieter and Todinca, Ioan},
  editor = {Díaz, Josep and Karhumäki, Juhani and Lepistö, Arto and Sannella, Donald},
  title = {Exact (Exponential) Algorithms for Treewidth and Minimum Fill-In},
  booktitle = {Automata, Languages\linebreak[1] and Programming},
  series = {Lecture Notes in Computer Science},
  year = {2004},
  volume = {3142},
  pages = {568-580},
  publisher = {Springer Berlin Heidelberg},
  isbn = {978-3-540-22849-3},
  doi = {10.1007/978-3-540-27836-8_49},
  language_ = {English},
}

@article{ held1962dynamic ,
  title = {A dynamic programming approach to sequencing problems},
  author = {Held, Michael and Karp, Richard M.},
  journal = {Journal of the Society for Industrial \& Applied Mathematics},
  volume = {10},
  number = {1},
  pages = {196--210},
  year = {1962},
  publisher = {SIAM}
}

@inproceedings{ Amir:2001:EAT:2074022.2074024 ,
  author = {Amir, Eyal},
  title = {Efficient Approximation for Triangulation of Minimum Treewidth},
  booktitle = {Proceedings of the Seventeenth Conference on\linebreak[1] Uncertainty in Artificial Intelligence},
  series = {UAI'01},
  year = {2001},
  isbn = {1-55860-800-1},
  location = {Seattle, Washington},
  pages = {7--15},
  numpages = {9},
  acmid_ = {2074024},
  publisher = {Morgan Kaufmann Publishers Inc.},
  address = {San Francisco, CA, USA},
} 

@article{ Bouchitté2004183 ,
  title = {On treewidth approximations},
  journal = {Discrete Applied Mathematics},
  volume = {136},
  number = {2--3},
  pages = {183--196},
  year = {2004},
  note = {The 1st Cologne-Twente Workshop on Graphs and Combinatorial Optimization},
  issn = {0166-218X},
  doi = {10.1016/S0166-218X(03)00440-2},
  url = {http://www.sciencedirect.com/science/article/pii/S0166218X03004402},
  author = {Bouchitté, V. and Kratsch, D. and Müller, H. and Todinca, I.},
  keywords_ = {Treewidth},
  keywords_ = {Asteroidal number},
  keywords_ = {Minimal separator},
  keywords_ = {Graph algorithm},
  keywords_ = {Approximation algorithm}
}

@article{ Becker20013 ,
  author = {Becker, Ann and Geiger, Dan},
  title = {A sufficiently fast algorithm for finding close to optimal clique trees},
  journal = {Artificial Intelligence},
  volume = {125},
  number = {1--2},
  pages = {3--17},
  year = {2001},
  issn = {0004-3702},
  doi = {10.1016/S0004-3702(00)00075-8},
  url = {http://www.sciencedirect.com/science/article/pii/S0004370200000758},
  keywords_ = {Clique tree algorithm},
  keywords_ = {Triangulation algorithm},
  keywords_ = {Bayesian networks},
  keywords_ = {3-way vertex cut problem},
}

@article{ Lagergren199620 ,
  author = {Lagergren, Jens},
  title = {Efficient Parallel Algorithms for Graphs of Bounded Tree-Width},
  journal = {Journal of Algorithms},
  volume = {20},
  number = {1},
  pages = {20-44},
  year = {1996},
  issn = {0196-6774},
  doi = {10.1006/jagm.1996.0002},
  url = {http://www.sciencedirect.com/science/article/pii/S0196677496900024},
}

@book{ DBLP:books/daglib/0018514 ,
  author    = {Papadimitriou, Christos H.},
  title     = {Computational Complexity},
  publisher = {Academic Internet Publ.},
  year      = {2007},
  isbn      = {978-1-4288-1409-7},
}

@article{ Bodlaender2010259 ,
  author = {Bodlaender, Hans L. and Koster, Arie M. C. A.},
  title = {Treewidth computations {I}. Upper bounds},
  journal = {Information and Computation},
  volume = {208},
  number = {3},
  pages = {259--275},
  year = {2010},
  publisher = {Elsevier},
  issn = {0890-5401},
  doi = {10.1016/j.ic.2009.03.008},
  url = {http://www.sciencedirect.com/science/article/pii/S0890540109000947},
  keywords_ = {Treewidth},
  keywords_ = {Upper bounds},
  keywords_ = {Heuristics},
  keywords_ = {Approximation algorithms},
  keywords_ = {Graph algorithms},
}

@incollection{ bodlaender-2005 ,
  author = {Bachoore, Emgad H. and Bodlaender, Hans L.},
  editor = {Nikoletseas, Sotiris E.},
  title = {New Upper Bound Heuristics for Treewidth},
  booktitle = {Experimental and Efficient Algorithms},
  series = {Lecture Notes in Computer Science},
  year = {2005},
  volume = {3503},
  pages = {216-227},
  isbn = {978-3-540-25920-6},
  doi = {10.1007/11427186_20},
  publisher = {Springer Berlin Heidelberg},
  language_ = {English},
}

@article{ hildebrandtalgorithms ,
   title = {Algorithms for the Maximum Weight Connected k-Induced Subgraph Problem},
   author = {Hildebrandt, Andreas and Krupp, Markus},
   journal = {Combinatorial Optimization\linebreak[1] and Applications},
   pages = {268},
   publisher = {Springer}
}

@article{ adcock2014tree ,
  title = {Tree decompositions and social graphs},
  author = {Adcock, Aaron B. and Sullivan, Blair D. and Mahoney, Michael W.},
  journal = {arXiv preprint arXiv:1411.1546},
  year = {2014}
}

@inproceedings{ jegou2014tree ,
  title = {Tree-decompositions with connected clusters for solving constraint networks},
  author = {J{\'e}gou, Philippe and Terrioux, Cyril},
  booktitle = {Principles and Practice of\linebreak[1] Constraint Programming},
  pages = {407--423},
  year = {2014},
  organization = {Springer},
}

@incollection{ woeginger2003exact ,
  title = {Exact algorithms for {NP}-hard problems: A survey},
  author = {Woeginger, Gerhard J.},
  booktitle = {\linebreak[1]Combinatorial Optimization—Eureka, You Shrink!},
  pages = {185--207},
  year = {2003},
  publisher = {Springer}
}

@book{ Russell:2003:AIM:773294 ,
 author = {Russell, Stuart J. and Norvig, Peter},
 title = {Artificial Intelligence: A Modern Approach},
 year = {2003},
 isbn = {0137903952},
 edition = {2},
 publisher = {Pearson Education},
} 

@phdthesis{ stuetzle-ILS ,
   author = {Stützle, Thomas G.},
   title = {Local Search Algorithms for Combinatorial Problems},
   subtitle = {Analysis, Improvements, and New Applications},
   institution = {{Technische Universität Darmstadt}},
   year = {1998},
}
